@article{graps1995introduction,
  title={An introduction to wavelets},
  author={Graps, Amara},
  journal={IEEE computational science and engineering},
  volume={2},
  number={2},
  pages={50--61},
  year={1995},
  publisher={IEEE}
}
@article{daubechies1988orthonormal,
  title={Orthonormal bases of compactly supported wavelets},
  author={Daubechies, Ingrid},
  journal={Communications on pure and applied mathematics},
  volume={41},
  number={7},
  pages={909--996},
  year={1988},
  publisher={Wiley Online Library}
}
@article{wickerhauser1994adapted,
  title={Adapted wavelet analysis from theory to software: AK Peters},
  author={Wickerhauser, Mladen Victor},
  journal={Wellestey Massachusetts},
  year={1994}
}
@book{genccay2001introduction,
  title={An introduction to wavelets and other filtering methods in finance and economics},
  author={Gen{\c{c}}ay, Ramazan and Sel{\c{c}}uk, Faruk and Whitcher, Brandon J},
  year={2001},
  publisher={Elsevier}
}
@ARTICLE {brandonwhitcher2019,
    author  = "Brandon Whitcher",
    title   = "Waveslim",
    journal = "RDocumentation",
    year    = "2019",
    note    = "https://www.rdocumentation.org/packages/waveslim/versions/1.7.5.1"
}